@book{10.5555/572351,
author = {Joachims, Thorsten},
title = {Learning to Classify Text Using Support Vector Machines: Methods, Theory and Algorithms},
year = {2002},
isbn = {079237679X},
publisher = {Kluwer Academic Publishers},
address = {USA}
}
@inproceedings{Luntz1969OnEO,
  title={On estimation of characters obtained in statistical procedure of recognition},
  author={Alan C. Luntz and Viktor L. Brailovsky},
  year={1969}
}
