@article{dietterich1994solving,
  title={Solving multiclass learning problems via error-correcting output codes},
  author={Dietterich, Thomas G and Bakiri, Ghulum},
  journal={Journal of artificial intelligence research},
  volume={2},
  pages={263--286},
  year={1994}
}