@ARTICLE{1053964,  
author={T. {Cover} and P. {Hart}},  
journal={IEEE Transactions on Information Theory},   
title={Nearest neighbor pattern classification},   
year={1967},  
volume={13},  
number={1},  
pages={21-27},
}
